@software{repo,
    author = {Costa Branco Marado Torres, Jo√£o Augusto AND Ferreira Pereira, Guilherme AND Kymhyr, Danilo},
    license = {AGPL-3.0-or-later},
    month = oct,
    title = {{Jogo Educativo: "A Casa dos Minerais"}},
    url = {https://github.com/torres-engineer/minerals-house},
    version = {0.1.0},
    year = {2025},
}
